% Template

%@book{book:,
%    author = {},
%    title = {},
%    publisher = {},
%    year = {},
%    isbn = {}
%}

%@misc{website:,
%    author = {},
%    title = {},
%    howpublished = {[online]},
%    note = {[dostęp: ]. Dostępny w Internecie, },
%    url = {}
%}

%%%%%%%%%%%%%%%%%%%%%%%%%%%%%%%%%%%%%%%%%%%%%%%%%%%%%%%%%%%%%%%%%%%%%%%%%%%%%%%%%%%%%%%%%%
%Book%


%Website%
%----------------------------------------------------------------------------------------%
@misc{website:facebook,
    author = {Facebook Inc.},
    title = {Facebook},
    howpublished = {[online]},
    note = {[dostęp: 10.08.2020]. Dostępny w Internecie, },
    url = {https://www.facebook.com/}
}

@misc{website:twitter,
    author = {Twitter Inc.},
    title = {Twitter},
    howpublished = {[online]},
    note = {[dostęp: 10.08.2020]. Dostępny w Internecie, },
    url = {https://twitter.com/}
}

@misc{website:instagram,
    author = {Facebook Inc.},
    title = {Instagram},
    howpublished = {[online]},
    note = {[dostęp: 02.10.2020]. Dostępny w Internecie, },
    url = {https://www.instagram.com/}
}

%----------------------------------------------------------------------------------------%

@misc{website:http,
    author = {Mozilla},
    title = {HTTP MDN web docs},
    howpublished = {[online]},
    note = {[dostęp: 20.08.2020]. Dostępny w Internecie, },
    url = {https://developer.mozilla.org/pl/docs/Web/HTTP}
}

@misc{website:java,
    author = {Oracle Corporation},
    title = {Java Documentation},
    howpublished = {[online]},
    note = {[dostęp: 20.08.2020]. Dostępny w Internecie, },
    url = {https://www.oracle.com/java/}
}

@misc{website:spring,
    author = {Pivotal Software},
    title = {Spring Framework Documentation},
    howpublished = {[online]},
    note = {[dostęp: 20.08.2020]. Dostępny w Internecie, },
    url = {https://spring.io/}
}

@misc{website:csharp,
    author = {Microsoft},
    title = {C\# Documentation},
    howpublished = {[online]},
    note = {[dostęp: 20.08.2020]. Dostępny w Internecie, },
    url = {https://docs.microsoft.com/en-us/dotnet/csharp/}
}

@misc{website:aspnetcore,
    author = {Microsoft},
    title = {ASP.NET Core Documentation},
    howpublished = {[online]},
    note = {[dostęp: 20.08.2020]. Dostępny w Internecie, },
    url = {https://docs.microsoft.com/en-us/aspnet/core/?view=aspnetcore-3.1}
}

@misc{website:netcoreplatform,
    author = {Microsoft},
    title = {.NET Core Platform},
    howpublished = {[online]},
    note = {[dostęp: ]. Dostępny w Internecie, },
    url = {https://docs.microsoft.com/pl-pl/dotnet/core/}
}

@misc{website:nodejs,
    author = {OpenJS Foundation},
    title = {Node.JS Documentation},
    howpublished = {[online]},
    note = {[dostęp: 31.07.2020]. Dostępny w Internecie, },
    url = {https://nodejs.org/en/docs/}
}

@misc{website:javascript,
    author = {Mozilla},
    title = {JavaScript MDN web docs},
    howpublished = {[online]},
    note = {[dostęp: 20.08.2020]. Dostępny w Internecie, },
    url = {https://developer.mozilla.org/pl/docs/Web/JavaScript}
}

@misc{website:typescript,
    author = {Microsoft},
    title = {TypeScript Documentation},
    howpublished = {[online]},
    note = {[dostęp: 20.08.2020]. Dostępny w Internecie, },
    url = {https://www.typescriptlang.org/}
}

@misc{website:yarn,
    author = {Yarn},
    title = {Yarn Package Manager Documentation},
    howpublished = {[online]},
    note = {[dostęp: 31.07.2020]. Dostępny w Internecie, },
    url = {https://classic.yarnpkg.com/en/docs}
}

@misc{website:npm,
    author = {npm, Inc.},
    title = {Node Package Manager Documentation},
    howpublished = {[online]},
    note = {[dostęp: 31.07.2020]. Dostępny w Internecie, },
    url = {https://docs.npmjs.com/}
}

@misc{website:npmvsyarn-pnpmbenchmark,
    author = {pnpm},
    title = {Benchmarks of JavaScript Package Managers},
    howpublished = {[online]},
    note = {[dostęp: 02.09.2020]. Dostępny w Internecie, },
    url = {https://github.com/pnpm/benchmarks-of-javascript-package-managers/blob/master/README.md}
}

@misc{website:v8engine,
    author = {Google Open Source},
    title = {V8 Engine Documentation},
    howpublished = {[online]},
    note = {[dostęp: 03.09.2020]. Dostępny w Internecie, },
    url = {https://v8.dev/docs}
}

@misc{website:chrome,
    author = {Google LLC},
    title = {Google Chrome Documentation},
    howpublished = {[online]},
    note = {[dostęp: 03.09.2020]. Dostępny w Internecie, },
    url = {https://developer.chrome.com}
}

@misc{website:chromium,
    author = {Google LLC},
    title = {Chromium Documentation},
    howpublished = {[online]},
    note = {[dostęp: 03.09.2020]. Dostępny w Internecie, },
    url = {https://www.chromium.org/Home}
}

@misc{website:firefox,
    author = {Mozilla},
    title = {Mozilla Firefox Documentation},
    howpublished = {[online]},
    note = {[dostęp: 19.09.2020]. Dostępny w Internecie, },
    url = {https://developer.mozilla.org/pl/docs/Mozilla/Firefox}
}

@misc{website:git,
    author = {Git},
    title = {Git Documentation},
    howpublished = {[online]},
    note = {[dostęp: 05.09.2020]. Dostępny w Internecie, },
    url = {https://git-scm.com/doc}
}

@misc{website:vscode,
    author = {Microsoft},
    title = {Visual Studio Code},
    howpublished = {[online]},
    note = {[dostęp: 06.09.2020]. Dostępny w Internecie, },
    url = {https://code.visualstudio.com/}
}

@misc{website:bootstrap,
    author = {Otto Mark, Thornton Jason},
    title = {Bootstrap Documentation},
    howpublished = {[online]},
    note = {[dostęp: 31.07.2020]. Dostępny w Internecie, },
    url = {https://getbootstrap.com/docs/4.1/getting-started/introduction/}
}

@misc{website:material-ui,
    author = {mui-org},
    title = {Material-UI Documentation},
    howpublished = {[online]},
    note = {[dostęp: 31.07.2020]. Dostępny w Internecie, },
    url = {https://material-ui.com/}
}

@misc{website:mdbootstrap,
    author = {MDBootstrap},
    title = {Material Design for Bootstrap Documentation},
    howpublished = {[online]},
    note = {[dostęp: 31.07.2020]. Dostępny w Internecie, },
    url = {https://mdbootstrap.com/}
}

@misc{website:firebase,
    author = {Google LLC},
    title = {Firebase Documentation},
    howpublished = {[online]},
    note = {[dostęp: 31.07.2020]. Dostępny w Internecie, },
    url = {https://firebase.google.com/docs}
}

@misc{website:rest,
    author = {Mozilla},
    title = {REST MDN web docs},
    howpublished = {[online]},
    note = {[dostęp: 06.09.2020]. Dostępny w Internecie, },
    url = {https://developer.mozilla.org/en-US/docs/Glossary/REST}
}

@misc{website:ssl,
    author = {Mozilla},
    title = {SSL MDN web docs},
    howpublished = {[online]},
    note = {[dostęp: 09.09.2020]. Dostępny w Internecie, },
    url = {https://developer.mozilla.org/en-US/docs/Archive/Security/Introduction_to_SSL}
}

@misc{website:react,
    author = {Facebook Open Source},
    title = {React Documentation},
    howpublished = {[online]},
    note = {[dostęp: 31.07.2020]. Dostępny w Internecie, },
    url = {https://en.reactjs.org/docs/getting-started.html}
}

@misc{website:dom,
    author = {Mozilla},
    title = {DOM MDN web docs},
    howpublished = {[online]},
    note = {[dostęp: 14.09.2020]. Dostępny w Internecie, },
    url = {https://developer.mozilla.org/pl/docs/DOM}
}

@misc{website:reactdom,
    author = {Facebook Open Source},
    title = {ReactDOM Documentation},
    howpublished = {[online]},
    note = {[dostęp: 14.09.2020]. Dostępny w Internecie, },
    url = {https://en.reactjs.org/docs/react-dom.html}
}

@misc{website:html,
    author = {Mozilla},
    title = {HTML MDN web docs},
    howpublished = {[online]},
    note = {[dostęp: 15.09.2020]. Dostępny w Internecie, },
    url = {https://developer.mozilla.org/pl/docs/Web/HTML}
}

@misc{website:angular,
    author = {Google LLC},
    title = {AngularJS Documentation},
    howpublished = {[online]},
    note = {[dostęp: 10.09.2020]. Dostępny w Internecie, },
    url = {https://angular.io/docs}
}

@misc{website:vue,
    author = {Evan You},
    title = {Vue.JS Guide},
    howpublished = {[online]},
    note = {[dostęp: 10.09.2020]. Dostępny w Internecie, },
    url = {https://vuejs.org/v2/guide/}
}

@misc{website:jquery,
    author = {John Resig},
    title = {jQuery Documentation},
    howpublished = {[online]},
    note = {[dostęp: 10.09.2020]. Dostępny w Internecie, },
    url = {https://api.jquery.com/}
}

@misc{website:material_design,
    author = {Google LLC},
    title = {Material Design},
    howpublished = {[online]},
    note = {[dostęp: 10.09.2020]. Dostępny w Internecie, },
    url = {https://material.io/design}
}

%----------------------------------------------------------------------------------------%
